% This file was created with JabRef 2.9.
% Encoding: Cp1252

@INPROCEEDINGS{torsten11,
  author = {Torsten Sattler and Bastian Leibe and Leif Kobbelt},
  title = {Fast image-based localization using direct 2D-to-3D matching},
  booktitle = {ICCV},
  year = {2011},
  pages = {667-674},
  bibsource = {DBLP, http://dblp.uni-trier.de},
  crossref = {DBLP:conf/iccv/2011},
  ee = {http://dx.doi.org/10.1109/ICCV.2011.6126302}
}

@INPROCEEDINGS{agrawal06,
  author = {Agrawal, Motilal and Konolige, Kurt},
  title = {Real-time Localization in Outdoor EnFilliavironments using Stereo
	Vision and Inexpensive GPS},
  booktitle = {Proceedings of the 18th International Conference on Pattern Recognition
	- Volume 03},
  year = {2006},
  series = {ICPR06},
  pages = {1063--1068}
}

@INPROCEEDINGS{aly09,
  author = {Aly, Mohamed and Munich, Mario E. and Perona, Pietro},
  title = {Bag of Words for Large Scale Object Recognition - Properties and
	Benchmark},
  booktitle = {International Conference on Computer Vision Theory and Applications},
  year = {2011},
  pages = {299-306},
  owner = {nabeel},
  quality = {1},
  timestamp = {2012.12.19}
}

@INPROCEEDINGS{angeli08,
  author = {Angeli, Adrien and Filliat, David and Doncieux, St{\'e}phane and
	Meyer, Jean-Arcady},
  title = {Fast and Incremental Method for Loop-Closure Detection Using Bags
	of Visual Words},
  year = {2008},
  volume = {24},
  number = {5},
  pages = {1027-1037},
  journal = {IEEE Transactions on Robotics}
}

@INPROCEEDINGS{arth2009,
  author = {Arth, Clemens and Wagner, Daniel and Klopschitz, Manfred and Irschara,
	Arnold and Schmalstieg, Dieter},
  title = {Wide area localization on mobile phones},
  booktitle = {8th IEEE International Symposium on Mixed and Augmented Reality},
  year = {2009},
  series = {ISMAR '09},
  pages = {73--82},
  isbn = {978-1-4244-5390-0},
  numpages = {10}
}

@INPROCEEDINGS{bahl00,
  author = {Bahl, Paramvir and Padmanabhan, Venkata N.},
  title = {RADAR: An In-Building RF-Based User Location and Tracking System},
  booktitle = {INFOCOM},
  year = {2000},
  pages = {775-784}
}

@INPROCEEDINGS{bonin-font08,
  author = {Bonin-Font, Francisco and Ortiz, Alberto and Oliver, Gabriel},
  title = {Visual Navigation for Mobile Robots: A Survey},
  year = {2008},
  volume = {53},
  number = {3},
  pages = {263--296},
  journal = {Journal of Intelligent Robotics Systems}
}

@INPROCEEDINGS{boonifait08,
  author = {Bonnifait, Philippe and Jabbour, Maged. and Cherfaoui, Veronique},
  title = {Autonomous Navigation in Urban Areas using GIS-Managed Information},
  year = {2008},
  volume = {6},
  pages = {84-103},
  journal = {International Journal of Vehicle Autonomous Systems}
}

@INPROCEEDINGS{botteril10,
  author = {Botteril, Tom and Mills, Steven and Green, Richard},
  title = {Bag-of-Words-driven Single Camera Simultaneous Localisation and Mapping},
  year = {2010},
  journal = {Journal of Field Robotics}
}

@INPROCEEDINGS{tom08,
  author = {Botterill, T. and Mills, S. and Green, R.},
  title = {Speeded-up Bag-of-Words algorithm for robot localisation through
	scene recognition.},
  booktitle = {Proc. Image and Vision Computing New Zealand.},
  year = {2008}
}

@INPROCEEDINGS{chen07,
  author = {Chen, Zhenhe and Samarabandu,Jagath and Rodrigo, Ranga },
  title = {Recent advances in simultaneous localization and map-building using
	computer vision},
  year = {2007},
  volume = {21},
  pages = {233-265},
  journal = {Advanced Robotics}
}

@INPROCEEDINGS{chintalapudi10,
  author = {Chintalapudi, Krishna and Padmanabha Iyer, Anand and Padmanabhan,
	Venkata N.},
  title = {Indoor localization without the pain},
  booktitle = {Proceedings of the sixteenth annual international conference on Mobile
	computing and networking},
  year = {2010},
  series = {MobiCom '10},
  pages = {173--184}
}

@INPROCEEDINGS{clemente07,
  author = {Clemente, Laura and Davison, Andrew and Reid,Ian and Neira, Jos\'{e}
	and Tard\'{o}s, Juan Domingo },
  title = {Mapping Large Loops with a Single Hand-Held Camera},
  booktitle = {Proceedings Robotics: Science and Systems Conference},
  year = {2007},
  month = {June}
}

@INPROCEEDINGS{coughlan07,
  author = {Coughlan, James and Shen, Huiying },
  title = {Terrain Analysis for Blind Wheelchair Users: Computer Vision Algorithms
	for Finding Curbs and other Negative Obstacles},
  booktitle = {Proceedings of the Conference and Workshop on Assistive Technologies
	for People with Vision and Hearing Impairments: Assistive Technology
	for All Ages },
  year = {2007},
  volume = {415},
  series = {CEUR Workshop Proceedings}
}

@INPROCEEDINGS{davison04,
  author = {Davison,A. and Y Cid, G. and Kita, N.},
  title = {Real-Time 3D SLAM with Wide-Angle Vision},
  booktitle = {Proc. IFAC Symposium on Intelligent Autonomous Vehicles},
  year = {2004}
}

@INPROCEEDINGS{davison03,
  author = {Davison, Andrew J.},
  title = {Real-Time Simultaneous Localisation and Mapping with a Single Camera},
  booktitle = {Proceedings of the Ninth IEEE International Conference on Computer
	Vision - Volume 2},
  year = {2003},
  series = {ICCV '03}
}

@INPROCEEDINGS{davison07,
  author = {Davison, Andrew J. and Reid, Ian D. and Molton, Nicholas D. and Stasse,
	Olivier},
  title = {MonoSLAM: Real-Time Single Camera SLAM},
  year = {2007},
  volume = {29},
  number = {6},
  pages = {1052--1067},
  journal = {IEEE Transactions on Pattern Analysis Machine Intelligence}
}

@INPROCEEDINGS{beno10,
  author = {Deville, Beno\^{\i}t and Bologna, Guido and Pun, Thierry},
  title = {Detecting objects and obstacles for visually impaired individuals
	using visual saliency},
  booktitle = {Proceedings of the 12th international ACM SIGACCESS conference on
	Computers and accessibility},
  year = {2010},
  series = {ASSETS '10},
  pages = {253--254}
}

@INPROCEEDINGS{beno09,
  author = {Beno\^{\i}t Deville and Guido Bologna and Michel Vinckenbosch and
	Thierry Pun},
  title = {See ColOr: Seeing Colours with an Orchestra},
  booktitle = {Human Machine Interaction},
  year = {2009},
  pages = {251-279}
}

@MISC{opo08,
  author = {Northern Digital},
  title = {Optotrak},
  year = {2008},
  url = {http://www.ndigital.com/}
}

@INPROCEEDINGS{espinace10,
  author = {Espinace, P. and Kollar, T. and Soto, A. and Roy, N.},
  title = {Indoor Scene Recognition Through Object Detection},
  booktitle = {Proc. IEEE International Conference on Robotics and Automation},
  year = {2010}
}

@INPROCEEDINGS{estrada05,
  author = {Estrada, Carlos and Neira, Jose and Tardos, Jaun D.},
  title = {Hierarchical SLAM: Real-Time Accurate Mapping of Large Environments},
  year = {2005},
  volume = {21},
  number = {4},
  pages = {588--596},
  journal = {Trans. Robotics}
}

@INPROCEEDINGS{ezaki04,
  author = {Ezaki, Nobuo and Bulacu, Marius and Schomaker, Lambert},
  title = {Text Detection from Natural Scene Images: Towards a System for Visually
	Impaired Persons},
  booktitle = {17th International Conference on the Pattern Recognition},
  year = {2004},
  series = {ICPR '04},
  pages = {683--686},
  publisher = {IEEE Computer Society}
}

@INPROCEEDINGS{fasola06,
  author = {Fasola,Juan and Veloso, Manuela M. },
  title = {{Real-time Object Detection using Segmented and Grayscale Images}},
  booktitle = {International Conference on Robotics and Automation},
  year = {2006},
  pages = {4088--4093}
}

@INPROCEEDINGS{davidf07,
  author = {Filliat, David},
  title = {A visual bag of words method for interactive qualitative localization
	and mapping.},
  booktitle = {International Conference on Intelligent Robotics and Systems.},
  year = {2007},
  pages = {3921-3926}
}

@INPROCEEDINGS{gartshore02,
  author = {Gartshore, R. and Aguado, A. and Galambos, C.},
  title = {Incremental map building using an occupancy grid for an autonomous
	monocular robot.},
  booktitle = {ICARCV},
  year = {2002},
  pages = {613-618},
  publisher = {IEEE}
}

@INPROCEEDINGS{gaspar00,
  author = {Gaspar, Jose and Winters, Niall and Santos-victor, Jose},
  title = {Vision-based navigation and environmental representations with an
	omnidirectional camera},
  year = {2000},
  volume = {16},
  pages = {890--898},
  journal = {IEEE Transactions on Robotics and Automation}
}

@INPROCEEDINGS{gemeiner08,
  author = {Gemeiner, Peter and Davison,Andrew and Vincze,Markus},
  title = {Improving Localization Robustness in Monocular {SLAM} Using a High-Speed
	Camera},
  booktitle = {Proceedings of Robotics: Science and Systems IV},
  year = {2008},
  pages = {183--188}
}

@INPROCEEDINGS{georgy11,
  author = {Georgy, Jacques and Karamat, Tashfeen and Iqbal, Umar and Noureldin,
	Aboelmagd},
  title = {Enhanced MEMS-IMU/odometer/GPS integration using mixture particle
	filter},
  year = {2011},
  volume = {15},
  number = {3},
  pages = {239--252},
  journal = {GPS Solutions}
}

@INPROCEEDINGS{green03,
  author = {Green, William E. and Ch, Paul Y. and Sevcik, Keith and Barrows,Geoffrey
	},
  title = {Autonomous Landing for Indoor Flying Robots Using Optic Flow},
  booktitle = {ASME International Mechanical Engineering Congress and Exposition},
  year = {2003},
  pages = {1347--1352}
}

@INPROCEEDINGS{gu09,
  author = {Gu, Yanying  and Lo, Anthony and Niemegeers, Ignas},
  title = {A Survey of Indoor Positioning Systems for Wireless Personal Networks},
  booktitle = {IEEE Communications Surveys \& Tutorials In Communications Surveys
	\& Tutorials,},
  year = {2009},
  volume = {11},
  number = {1},
  pages = {13-32},
  owner = {nabeel},
  quality = {1},
  timestamp = {2012.12.19}
}

@INPROCEEDINGS{harter02,
  author = {Harter, Andy and Hopper, Andy and Steggles, Pete and Ward, Andy and
	Webster, Paul},
  title = {The anatomy of a context-aware application},
  year = {2002},
  volume = {8},
  number = {2/3},
  pages = {187--197},
  journal = {Wireless Networks}
}

@INPROCEEDINGS{hile07,
  author = {Hile, Harlan and Borriello, Gaetano},
  title = {Information overlay for camera phones in indoor environments},
  booktitle = {3rd international conference on Location-and context-awareness},
  year = {2007},
  pages = {68--84}
}

@INPROCEEDINGS{irschara09,
  author = {Arnold Irschara and Christopher Zach and Jan-michael Frahm and Horst
	Bischof},
  title = {From structure-from-motion point clouds to fast location recognition},
  booktitle = {In IEEE Conference on Computer Vision and Pattern Recognition (CVPR},
  year = {2009},
  pages = {2599--2606}
}

@INPROCEEDINGS{james10,
  author = {Ivanchenko, Volodymyr and Coughlan, James and Shen, Huiying},
  title = {Real-time walk light detection with a mobile phone},
  booktitle = {Proceedings of the 12th international conference on Computers helping
	people with special needs},
  year = {2010},
  pages = {229--234},
  location = {Vienna, Austria},
  numpages = {6}
}

@INPROCEEDINGS{james08,
  author = {Volodymyr Ivanchenko and James Coughlan and Huiying Shen},
  title = {Detecting and locating crosswalks using a camera phone},
  year = {2008},
  volume = {0},
  pages = {1-8},
  journal = {2012 IEEE Computer Society Conference on Computer Vision and Pattern
	Recognition Workshops}
}

@INPROCEEDINGS{ji12,
  author = {Ji, Rongrong and Duan, Ling-Yu and Chen, Jie and Yao, Hongxun and
	Yuan, Junsong and Rui, Yong and Gao, Wen},
  title = {Location Discriminative Vocabulary Coding for Mobile Landmark Search},
  booktitle = {International Journal of Computer Vision},
  year = {2012},
  volume = {96},
  number = {3},
  pages = {290--314},
  owner = {nabeel},
  quality = {1},
  timestamp = {2012.12.19}
}

@INPROCEEDINGS{jin06,
  author = {Jin, Guang-yao and Lu, Xiao-yi and Park, Myong-Soon},
  title = {An Indoor Localization Mechanism Using Active RFID Tag},
  booktitle = {IEEE International Conference on Sensor Networks, Ubiquitous, and
	Trustworthy Computing -Vol 1 (SUTC'06) - Volume 01},
  year = {2006},
  series = {SUTC '06},
  pages = {40--43},
  numpages = {4}
}

@INPROCEEDINGS{hongwen09,
  author = {Kang,Hongwen and Efros, Alexei and Kanade, Takeo and Herbert, Martial},
  title = {Image Matching in Large Scale Indoor Environment},
  booktitle = {Computer Vision and Pattern Recognition},
  year = {2009},
  pages = {33--40}
}

@INPROCEEDINGS{kang09,
  author = {Kang, Hongwen and Efros, M.~Hebert and T.~ Kanade},
  title = {Image Matching in Large Scale Indoor Environment},
  booktitle = {Proc. Computer Vision and Pattern Recognition},
  year = {2009},
  pages = {33--40}
}

@INPROCEEDINGS{kawaji10,
  author = {Kawaji, Hisato and Hatada, Koki and Yamasaki, Toshihiko and Aizawa,
	Kiyoharu},
  title = {Image-based indoor positioning system: fast image matching using
	omnidirectional panoramic images},
  booktitle = {1st ACM international workshop on Multimodal pervasive video analysis},
  year = {2010},
  pages = {1--4}
}

@INPROCEEDINGS{Kawaji2010,
  author = {Kawaji, Hisato and Hatada, Koki and Yamasaki, Toshihiko and Aizawa,
	Kiyoharu},
  title = {Image-based indoor positioning system: fast image matching using
	omnidirectional panoramic images},
  booktitle = {1st ACM international workshop on Multimodal pervasive video analysis},
  year = {2010},
  pages = {1--4},
  numpages = {4}
}

@TECHREPORT{interview10,
  author = {Khan, Nabeel and James},
  title = {Interview wih blind person: Navigation System Requirements },
  year = {2010}
}

@INPROCEEDINGS{khan12b,
  author = {Khan, Nabeel and McCane, Brendan},
  title = {Smartphone application for indoor scene localization},
  booktitle = {Proceedings of the 14th international ACM SIGACCESS conference on
	Computers and accessibility},
  year = {2012},
  series = {ASSETS '12},
  pages = {201--202}
}

@INPROCEEDINGS{khan12a,
  author = {Khan, Nabeel and McCane, Brendan and Mills, Steven},
  title = {Vision based indoor scene localization via smart phone},
  booktitle = {Proceedings of the 13th International Conference of the NZ Chapter
	of the ACM's Special Interest Group on Human-Computer Interaction},
  year = {2012},
  series = {CHINZ '12},
  pages = {88--88}
}

@INPROCEEDINGS{khan12c,
  author = {Khan, Nabeel. and McCane, Brendan. and Mills, Steven.},
  title = {Feature set reduction for image matching in large scale environments.},
  booktitle = {Proc. International Conference on Image and Vision Computing},
  year = {2012},
  pages = {68--72},
  publisher = {ACM}
}

@INPROCEEDINGS{khan11a,
  author = {Khan, N. and McCane, B. and Wyvill, G.},
  title = {Homography based Visual Bag of Word Model for Scene Matching in Indoor
	Environments.},
  booktitle = {Proc. International Conference on Image and Vision Computing},
  year = {2011}
}

@INPROCEEDINGS{khan11b,
  author = {Khan, N. and McCane, B. and Wyvill, G.},
  title = {SIFT and SURF Performance Evaluation Against Various Image Deformations
	on Benchmark Dataset.},
  booktitle = {Proc. Digital Image Computing and Techniques},
  year = {2011},
  pages = {501--506}
}

@INPROCEEDINGS{kidono02,
  author = { Kidono,Kiyosumi and Miura,Jun and Shirai,Yoshiaki },
  title = {Autonomous Visual Navigation of a Mobile Robot Using a Human-Guided
	Experience},
  year = {2002},
  volume = {40},
  pages = {2--3},
  journal = {Robotics and Autonomous Systems}
}

@INPROCEEDINGS{king06,
  author = {King, Thomas and Kopf,Stephan and Haenselmann, Thomas and Lubberger,
	Christian and Effelsberg, Wolfgang},
  booktitle = {COMPASS: A Probabilistic Indoor Positioning System Based on 802.11
	and Digital Compasses},
  year = {2006},
  owner = {nabeel},
  quality = {1},
  timestamp = {2012.12.19}
}

@INPROCEEDINGS{ko08,
  author = {Ko, Sang-il and Choi, Jong-suk and Kim, Byoung-hoon},
  title = {Indoor Mobile Localization System and Stabilization of Localization
	Performance using Pre-filtering},
  year = {2008},
  volume = {6},
  pages = {204-213},
  journal = {International Journal of Control, Automation, and Systems},
  no = {2}
}

@INPROCEEDINGS{kushki10,
  author = {Kushki, Azadeh and Plataniotis, Konstantinos N. and Venetsanopoulos,
	Anastasios N.},
  title = {Intelligent Dynamic Radio Tracking in Indoor Wireless Local Area
	Networks},
  year = {2010},
  volume = {9},
  number = {3},
  pages = {405--419},
  journal = {IEEE Transactions on Mobile Computing}
}

@INPROCEEDINGS{lazebnik06,
  author = {Lazebnik, Svetlana  and Schmid, Cordelia and Jean, Ponce},
  title = {Beyond bags of features: Spatial pyramid matching for recognizing
	natural scene categories},
  booktitle = {Computer Vision Pattern and Recongition},
  year = {2006},
  pages = {2169--2178},
  owner = {nabeel},
  quality = {1},
  timestamp = {2012.12.19}
}

@INPROCEEDINGS{leung08,
  author = {Leung, Keith Yu Kit and Clark, Christopher. M. and Huissoon, Jan
	Paul},
  title = {Localization in urban environments by matching ground level video
	images with an aerial image.},
  booktitle = {International Conference on Robotics and Automation},
  year = {2008},
  series = {ICRA},
  pages = {551-556},
  keywords = {dblp}
}

@INPROCEEDINGS{li10,
  author = {Li, Yunpeng and Snavely, Noah and Huttenlocher, Daniel P.},
  title = {Location recognition using prioritized feature matching},
  booktitle = {Proceedings of the 11th European conference on Computer vision: Part
	II},
  year = {2010},
  series = {ECCV'10},
  pages = {791--804},
  address = {Berlin, Heidelberg},
  publisher = {Springer-Verlag},
  acmid = {1888088},
  isbn = {3-642-15551-0, 978-3-642-15551-2},
  keywords = {image matching, image registration, location recognition, structure
	from motion},
  location = {Heraklion, Crete, Greece},
  numpages = {14}
}

@MISC{loadstone,
  author = {LoadstoneGPS},
  title = {LOADSTONE GPS - free GPS software for your mobile phone},
  year = {2010},
  url = {http://www.loadstone-gps.com/}
}

@INPROCEEDINGS{lopes06,
  author = {Lopes, Cristina V. and Haghighat, Amir and Mandal, Atri and Givargis,
	Tony and Baldi, Pierre},
  title = {Localization of Off-the-Shelf Mobile Devices Using Audible Sound:
	Architectures, Protocols and Performance Assessment},
  booktitle = {ACM SIGMOBILE Mobile Computing and Communication Review},
  year = {2006},
  volume = {10},
  number = {2},
  pages = {38-50},
  owner = {nabeel},
  quality = {1},
  timestamp = {2012.12.19}
}

@ARTICLE{lowe04,
  author = {D.~Lowe.},
  title = {Distinctive Image features from scale invariant keypoints},
  journal = {International Journal of Computer Vision},
  year = {2004},
  volume = {60},
  pages = {91--110}
}

@INPROCEEDINGS{meers05,
  author = {Meers, Simons and Ward,Koren},
  title = {A Substitute Vision System for Providing 3D Perception and GPS Navigation
	via Electro-Tactile Stimulation.},
  booktitle = {Proc. International Conference on Sensing Technology},
  year = {2005}
}

@ARTICLE{mulloni09,
  author = {Mulloni, Alessandro and Wagner, Daniel and Barakonyi, Istvan and
	Schmalstieg, Dieter},
  title = {Indoor Positioning and Navigation with Camera Phones},
  journal = {IEEE Pervasive Computing},
  year = {2009},
  volume = {8},
  pages = {22--31},
  number = {2},
  issn = {1536-1268}
}

@ARTICLE{ni04,
  author = {Ni, Lionel M. and Liu, Yunhao and Lau, Yiu Cho and Patil, Abhishek
	P.},
  title = {LANDMARC: indoor location sensing using active RFID},
  journal = {Wireless Networks},
  year = {2004},
  volume = {10},
  pages = {701--710},
  number = {6}
}

@ARTICLE{Ni2004,
  author = {Ni, Lionel M. and Liu, Yunhao and Lau, Yiu Cho and Patil, Abhishek
	P.},
  title = {LANDMARC: indoor location sensing using active RFID},
  journal = {Wireless Networks},
  year = {2004},
  volume = {10},
  pages = {701--710},
  number = {6},
  month = nov
}

@INPROCEEDINGS{nister06,
  author = {Nister, David and Stewenius, H},
  title = {Scalable recognition with a vocabulary tree},
  booktitle = {Proc. Computer Vision and Pattern Recognition},
  year = {2006},
  volume = {2},
  pages = {2161--2168}
}

@BOOK{pace95,
  title = {The global positioning system: Assessing national policies},
  publisher = {RAND},
  year = {1995},
  author = {Pace, Scott},
  address = {Santa Monica, CA},
  booktitle = {The Global Positioning System: Assessing National Policies}
}

@INPROCEEDINGS{philbin08,
  author = {Philbin, James  and Isard, Michael and Sivic, Josef and Zisserman,
	Andrew},
  title = {Lost in quantization: Improving particular object retrieval in large
	scale image databases},
  booktitle = {Computer Vision and Pattern Recognition},
  year = {2008},
  owner = {nabeel},
  quality = {1},
  timestamp = {2012.12.19}
}

@INPROCEEDINGS{philbin07,
  author = {Philbin, James  and Isard, Michael and Sivic, Josef and Zisserman,
	Andrew},
  title = {Object Retrieval with Large Vocabularies and Fast Spatial Matching},
  booktitle = {IEEE Conference on Computer Vision and Pattern Recognition},
  year = {2007},
  owner = {nabeel},
  quality = {1},
  timestamp = {2012.12.19}
}

@MISC{povidi,
  author = {Povidi},
  title = {Soundpost A revolution in blindness orientation},
  year = {2008},
  url = {http://www.povidi.com/index.html}
}

@INPROCEEDINGS{priyantha05,
  author = {Priyantha, Nissanka B},
  title = {The Cricket Indoor Location System},
  booktitle = {PhD Thesis, MIT},
  year = {2005}
}

@INPROCEEDINGS{priyantha00,
  author = {Priyantha, Nissanka B. and Chakraborty, Anit and Balakrishnan, Hari},
  title = {The Cricket location-support system},
  booktitle = {Proceedings of the 6th annual international conference on Mobile
	computing and networking},
  year = {2000},
  series = {MobiCom '00},
  pages = {32--43}
}

@INPROCEEDINGS{ran04,
  author = {Ran, Lisa. and Helal, Sumi. and Moore, Steve},
  title = {{Drishti: an integrated indoor/outdoor blind navigation system and
	service}},
  year = {2004},
  pages = {23--30},
  journal = {Second IEEE Annual Conference on Pervasive Computing and Communications}
}

@INPROCEEDINGS{ranga10,
  author = {Ranganathan, Ananth},
  title = {PLISS: Detecting and Labeling Places Using Online Change-Point Detection},
  booktitle = {Proceedings of Robotics: Science and Systems},
  year = {2012},
  pages = {1--8}
}

@MISC{rnzfb,
  author = {RNZFB},
  title = {Royal New Zealand Foundation of the Blind, New Zealand},
  year = {2012},
  url = {http://www.rnzfb.org.nz/}
}

@INPROCEEDINGS{duncan04,
  author = {D. Robertson and R. Cipolla},
  title = {An image-based system for urban navigation},
  booktitle = {Proceedings British Machine Vision Conference},
  year = {2004},
  pages = {819-828}
}

@INPROCEEDINGS{ruf08,
  author = {Ruf, Boris and Kokiopoulou, Effrosyni and Detyniecki, Marcin},
  title = {Mobile museum guide based on fast SIFT recognition},
  booktitle = {International conference on Adaptive Multimedia Retrieval: identifying,
	Summarizing, and Recommending Image and Music},
  year = {2010},
  pages = {170--183}
}

@ARTICLE{saeedi06,
  author = {Saeedi,Parvaneh and Lawrence, Peter D. and Lowe, David},
  title = {Vision-based 3-D trajectory tracking for unknown environments},
  journal = {Transactions of Robotics},
  year = {2006},
  volume = {22},
  pages = {119--136},
  number = {1},
  month = nov,
  numpages = {18}
}

@INPROCEEDINGS{se05,
  author = {Se, Stephen and Lowe, David and Little, Jim },
  title = {Vision-based global localization and mapping for mobile robots},
  year = {2005},
  volume = {21},
  pages = {364--375},
  journal = {IEEE Transactions on Robotics}
}

@INPROCEEDINGS{se01,
  author = {Se, Stephen and Lowe, David and Little, Jim },
  title = {Vision-based Mobile Robot Localization And Mapping using Scale-Invariant
	Features},
  booktitle = {In Proceedings of the IEEE International Conference on Robotics and
	Automation (ICRA},
  year = {2001},
  pages = {2051--2058}
}

@MISC{miniguide,
  author = {SenderoGroup},
  title = {Miniguide},
  year = {2012},
  url = {http://www.senderogroup.com/products/shopminiguide.htm}
}

@ARTICLE{silveira08,
  author = {Silveira, Geraldo and Malis, Ezio and Rives, Patrick},
  title = {An Efficient Direct Approach to Visual SLAM},
  journal = {IEEE Transactions on Robotics},
  year = {2008},
  volume = {24},
  pages = {969--979},
  number = {5}
}

@INPROCEEDINGS{sim06,
  author = {Sim, Robert and Little, James J.},
  title = {Autonomous vision-based exploration and mapping using hybrid maps
	and Rao-Blackwellised particle filters.},
  booktitle = {IROS},
  year = {2006},
  pages = {2082-2089},
  publisher = {IEEE}
}

@INPROCEEDINGS{sivic03,
  author = {Sivic, J. and Zisserman, A.},
  title = {Video google: A text retrieval approach to object matching in videos.},
  booktitle = {Proc. International Conference on Computer Vision.},
  year = {2003},
  pages = {1470--1477 }
}

@INPROCEEDINGS{sky04,
  author = {Skrypnyk, Iryna and Lowe, David G.},
  title = {Scene Modelling, Recognition and Tracking with Invariant Image Features},
  booktitle = {Proceedings of the 3rd IEEE/ACM International Symposium on Mixed
	and Augmented Reality},
  year = {2004},
  series = {ISMAR '04},
  pages = {110--119},
  numpages = {10}
}

@INPROCEEDINGS{indoorsurvey11,
  author = {Song, Zhenlong and Jiang,Gangyi and Huang, Chao },
  title = {A Survey on Indoor Positioning Technologies},
  booktitle = {Second International Conference on Theoretical and Mathematical Foundations
	of Computer Science},
  year = {2011},
  volume = {164},
  pages = {98--106}
}

@INPROCEEDINGS{cane1,
  author = {Strong, Philips},
  title = {The History of the White Cane},
  url = {http://www.njcounciloftheblind.org/brochures/history_of_white_cane.htm}
}

@MISC{abs08,
  author = {Active Badge System},
  title = {Active Badge System, Website},
  year = {2008},
  url = {http://www.cl.cam.ac.uk/ research/dtg/attarchive/ab.html}
}

@INPROCEEDINGS{talukder04,
  author = {Talukder, Ashit and Matthies,Larry },
  title = {Real-time detection of moving objects from moving vehicle using dense
	stereo and optical flow},
  booktitle = {Conference on Intelligent Robots and Systems},
  year = {2004},
  publisher = {IEEE}
}

@INPROCEEDINGS{thrun99,
  author = {Thrun, Sebastian and M. Bennewitz and W. Burgard and A.B. Cremers
	and Frank Dellaert and Dieter Fox and D. Haehnel and Chuck Rosenberg
	and Nicholas Roy and Jamieson Schulte and D. Schulz},
  title = {MINERVA: A second generation mobile tour-guide robot},
  booktitle = {Proc. of the IEEE International Conference on Robotics and Automation
	(ICRA'99)},
  year = {1999}
}

@INPROCEEDINGS{trucco06,
  author = {Trucco, Emanuele and Plakas, Konstantinos},
  title = {Video tracking: A concise survey},
  year = {2006},
  volume = {31},
  number = {2},
  pages = {520-529},
  journal = {IEEE JOURNAL OF OCEANIC ENGINEERING}
}

@INPROCEEDINGS{viola01,
  author = {Paul Viola and Michael Jones},
  title = {Rapid object detection using a boosted cascade of simple features},
  booktitle = {Computer Vision and Pattern Recognition},
  year = {2001},
  pages = {511--518}
}

@ARTICLE{roy92,
  author = {Want, Roy and Hopper, Andy and Falc\~{a}o, Veronica and Gibbons,
	Jonathan},
  title = {The active badge location system},
  journal = {ACM Transactions Information Systems},
  year = {1992},
  volume = {10},
  pages = {91--102},
  number = {1}
}

@ARTICLE{want92,
  author = {Want, Roy and Hopper, Andy and Falc\~{a}o, Veronica and Gibbons,
	Jonathan},
  title = {The active badge location system},
  journal = {ACM Trans. Inf. Syst.},
  year = {1992},
  volume = {10},
  pages = {91--102},
  number = {1},
  issue_date = {Jan. 1992}
}

@INPROCEEDINGS{ultrasound04,
  author = {Ward, Andy and Jones, Alan and Hopper, Andy},
  title = {New Location Technique for the Active Office},
  booktitle = {IEEEPersonal Communications},
  year = {2004},
  volume = {4},
  number = {5},
  pages = {98--106}
}

@OTHER{wherenet08,
  author = {WhereNet Wbesite},
  title = {WhereNet},
  url = {http://edu.symbol.com/docent authorware/WhereNet/intro/intro 1.asp},
  year = {2008}
}

@MISC{dog2,
  author = {Webmaster},
  title = {Royal Foundation of blind New Zealand},
  year = {2012},
  url = {http://www.rnzfb.org.nz}
}

@MISC{dog3,
  author = {Webmaster},
  title = {MAKING A DIFFERENCE},
  year = {2012},
  url = {http://www.guidedogsofamerica.org/1/how-to-help/}
}

@MISC{Webmaster2012,
  author = {Webmaster},
  title = {MAKING A DIFFERENCE},
  year = {2012},
  url = {http://www.guidedogsofamerica.org/1/how-to-help/}
}

@MISC{Webmaster2012a,
  author = {Webmaster},
  title = {MAKING A DIFFERENCE},
  year = {2012},
  url = {http://www.guidedogsofamerica.org/1/how-to-help/}
}

@MISC{sonitor08,
  author = {Sonitor System Website},
  title = {Sonitor Systems},
  year = {2008},
  url = { http://www.sonitor.com/}
}

@TECHREPORT{who12,
  author = {WHO},
  title = {Visual impairment and blindness},
  year = {2012},
  month = {June},
  url = {http://www.who.int/mediacentre/factsheets/fs282/en/}
}

@MISC{cane2,
  author = {Wikiepdia},
  title = {White Cane},
  year = {2012},
  url = {http://en.wikipedia.org/wiki/White_cane}
}

@MISC{dog1,
  author = {Wikiepdia},
  title = {Guide Dog},
  year = {2012},
  url = {http://en.wikipedia.org/wiki/Guide_dog}
}

@MISC{braille12,
  author = {Wikipedia},
  title = {Refreshable braille display},
  year = {2012},
  url = {http://en.wikipedia.org/wiki/Refreshable_braille_display}
}

@INPROCEEDINGS{winters99,
  author = {Winters, Niall and Santos-Victor, José },
  title = {Omni-directional Visual Navigation},
  booktitle = {In Proceedings of the 7th International Symposium on Intelligent
	Robotics Systems},
  year = {1999},
  pages = {109--118}
}

@INPROCEEDINGS{zhang06,
  author = {Zhang, Wei and Kosecka, Jana},
  title = {Image Based Localization in Urban Environments},
  booktitle = {Proceedings of the Third International Symposium on 3D Data Processing,
	Visualization, and Transmission (3DPVT'06)},
  year = {2006},
  series = {3DPVT '06},
  pages = {33--40},
  numpages = {8}
}

@INPROCEEDINGS{zhou03,
  author = {Zhou, Chao and Wei, Yucheng and Tan, Tieniu },
  title = {Mobile Robot Self-Localization Based on Global Visual Appearance
	Features},
  booktitle = {Proceedings of the 2003 IEEE Int. Conf. on Robotics and Automation,
	ICRA 2003, September 14-19, 2003},
  year = {2003},
  pages = {1271--1276}
}

